% Put your BibTeX here (export from Google Scholar, Zotero, Mendeley, etc.)
% Example:
% @article{williams2018diffusion,
%   author = {Williams, Perry J. and ...},
%   title  = {Ecological diffusion ...},
%   journal= {...},
%   year   = {2018},
%   doi    = {...}
% }
