@article{williams2025example,
  title={Example paper title},
  author={Williams, Perry},
  journal={Journal of Interesting Ecology},
  year={2025},
  volume={1},
  number={1},
  pages={1--10},
  doi={10.0000/example}
}
